@misc{wikipedialitp2024,
	title        = {Literate programming --- {Wikipedia}{,} The Free Encyclopedia},
	author       = {{Wikipedia contributors}},
	year         = 2024,
	url          = {https://en.wikipedia.org/w/index.php?title=Literate_programming&oldid=1245925171},
	note         = {[Online; accessed 17-November-2024]}
}

@article{knuth1984literate,
	title        = {Literate programming},
	author       = {Knuth, Donald Ervin},
	year         = 1984,
	journal      = {The computer journal},
	publisher    = {Oxford University Press},
	volume       = 27,
	number       = 2,
	pages        = {97--111}
}
@book{stallings2006,
	title        = {Organizaci{\'o}n y arquitectura de computadores 7ma Edici√≥n},
	author       = {Stallings, William and Vargas, Antonio Ca{\~n}as and Espinosa, Alberto Prieto},
	year         = 2006,
	publisher    = {Pearson Educaci{\'o}n}
}

@article{stallings2022computer,
	title        = {Computer Organization and Architecture 11th ed.},
	author       = {Stallings, William},
	year         = 2022,
	publisher    = {Pearson Education}
}